<record><leader>00000cas a22000007a 4500</leader><controlfield tag="001">22745915</controlfield><controlfield tag="008">901128c19779999mauwr ne      0    0eng d</controlfield><datafield ind1=" " ind2=" " tag="010"><subfield code="a">sn 89062550 </subfield></datafield><datafield ind1=" " ind2=" " tag="040"><subfield code="a">MGN</subfield><subfield code="b">eng</subfield><subfield code="c">MGN</subfield><subfield code="d">OCLCQ</subfield></datafield><datafield ind1=" " ind2=" " tag="042"><subfield code="a">msc</subfield></datafield><datafield ind1="0" ind2="0" tag="245"><subfield code="a">News plus.</subfield></datafield><datafield ind1=" " ind2=" " tag="260"><subfield code="a">Southbridge, Mass. :</subfield><subfield code="b">Evening News</subfield></datafield><datafield ind1=" " ind2=" " tag="300"><subfield code="a">v.</subfield></datafield><datafield ind1=" " ind2=" " tag="310"><subfield code="a">Weekly</subfield></datafield><datafield ind1=" " ind2=" " tag="580"><subfield code="a">Daily eds.: Evening news (Southbridge, Mass.), 1977-1979, and: News (Southbridge, Mass.), 1979-</subfield></datafield><datafield ind1=" " ind2=" " tag="588"><subfield code="a">Description based on: Vol. 21, no. 11 (Oct. 12, 1977).</subfield></datafield><datafield ind1=" " ind2=" " tag="752"><subfield code="a">United States</subfield><subfield code="b">Massachusetts</subfield><subfield code="c">Worcester</subfield><subfield code="d">Southbridge.</subfield></datafield><datafield ind1=" " ind2=" " tag="752"><subfield code="a">United States</subfield><subfield code="b">Massachusetts</subfield><subfield code="c">Worcester.</subfield></datafield><datafield ind1="1" ind2=" " tag="775"><subfield code="t">Evening news (Southbridge, Mass.)</subfield><subfield code="w">(DLC)sn 89062539</subfield></datafield><datafield ind1="1" ind2=" " tag="775"><subfield code="t">News (Southbridge, Mass.)</subfield><subfield code="w">(DLC)sn 89062540</subfield></datafield><datafield ind1="0" ind2="0" tag="780"><subfield code="t">Shopping news (Southbridge, Mass.)</subfield><subfield code="w">(DLC)sn 89062547</subfield></datafield></record>